@article{VitalDB,
	title={VitalDB, a high-fidelity multi-parameter vital signs database in surgical patients.},
	author={Lee HC., Park Y., Yoon S.B. et al.},
	journal={Sci Data},
	link={https://doi.org/10.1038/s41597-022-01411-5},
	volume={9},
	number={279},
	year={2022},
	publisher={Nature},
}

@article{ASA,
	title={A review of ASA physical status--historical perspectives and modern developments},
	author={Mayhew, D and Mendonca, V and Murthy, BVS},
	journal={Anaesthesia},
	volume={74},
	number={3},
	pages={373--379},
	year={2019},
	publisher={Wiley Online Library}
}


@article{ESC,
	title={2018 ESC/ESH Guidelines for the management of arterial hypertension: The Task Force for the management of arterial hypertension of the European Society of Cardiology (ESC) and the European Society of Hypertension (ESH)},
	author={Williams, Bryan and Mancia, Giuseppe and Spiering, Wilko and Agabiti Rosei, Enrico and Azizi, Michel and Burnier, Michel and Clement, Denis L and Coca, Antonio and De Simone, Giovanni and Dominiczak, Anna and others},
	journal={European heart journal},
	volume={39},
	number={33},
	pages={3021--3104},
	year={2018},
	publisher={Oxford University Press}
}


@inproceedings{adaptivethresh,
	title={Adaptive threshold for outlier detection on data streams},
	author={Clark, James and Liu, Zhen and Japkowicz, Nathalie},
	booktitle={2018 IEEE 5th International Conference on Data Science and Advanced Analytics (DSAA)},
	pages={41--49},
	year={2018},
	organization={IEEE}
}

